@Comment{*********************************************************************************}
@Comment{ Las plantillas de libros, articulos, articulos de congresos, reposrtes, miscelaneos se }
@Comment{ consiguen en Winedt en Insert/Bibtex Items/ el tipo deseado                            }
@Comment{                                                                                        }
@Comment{*********************************************************************************}

@Comment{% Denotan siglas para editoriales a usar luego.}
@STRING{    sv     = "Springer-Verlag"}
@STRING{    prh   = "Prentice-Hall"}

@Comment{% Referencia: LaSDAI}
@MISC{lasdaiInicio,
  title = "LaSDAI",
  url = {http://www.ing.ula.ve/lasdai/},
  year = "marzo, 2015",
  abstract = "En este enlace se presenta la informaci\'on relevante al Laboratorio de Sistemas
Discretos, Automatizaci\'on e Integraci\'on,
su historia, misi\'on, visi\'on y proyectos actuales.",
  keywords = "LaSDAI, rob\'otica, visi\'on por computadora",
}

@Comment{% Referencia: Richard Szeliski}
@MISC{RS:09,
  author = "R. Szeliski",
  title = "Computer Vision: Algorithms and Applications",
  url = {http://mesh.brown.edu/engn1610/szeliski/01-Introduction.pdf},
  year = "7 septiembre, 2009",
  abstract = "En este enlace se presenta una breve introducci\'on a la historia de la visi\'on por computadora, as\'i como sus
  usos en distintas aplicaciones.",
  keywords = "Visi\'on por computadora",
}

@Comment{% Referencia: Larry Roberts}
@inproceedings{bb68865,
  AUTHOR = "Roberts, L.G.",
  TITLE = "Machine Perception of 3-D Solids",
  BOOKTITLE = "OE-OIP65",
  YEAR = "1965",
  PAGES = "159-197",
  BIBSOURCE = "http://www.visionbib.com/bibliography/match590.html#TT66024"
}

@Comment{% Referencia: PSP}
@ELECTRONIC{Humphrey200503, 
	title={PSP(sm): A Self-Improvement Process for Software Engineers},
	author={Watts S. Humphrey},
	publisher={Addison-Wesley Professional},
	year={2005},
	month={3},
	edition={1},
	asin={B001EWOG8A},
	url={http://amazon.com/o/ASIN/B001EWOG8A/},
	totalpages={368},
	timestamp={2013.11.10},
}

@Comment{% Referencia: PXP}
@inproceedings{pxppaper,
  AUTHOR = "Dzhurov, Yani and Krasteva, Iva and Ilieva, Sylvia",
  TITLE = "Personal Extreme Programming - An Agile Process for Autonomous Developers",
  BOOKTITLE = "Proceedings of International Conference on SOFTWARE, SERVICES \& SEMANTIC TECHNOLOGIES",
  YEAR = 2009,
  MONTH = "Octubre",
  PAGES = "252",
  BIBSOURCE = "http://hdl.handle.net/10867/28"
}